@article{Montanaro,
  author = {Montanaro, Ashley},
  title = {Quantum walk speedup of backtracking algorithms},
  publisher = {arXiv},
  year = {2015},
}
